@ARTICLE{PapierAccretion,
   author = {{Lasota}, J.~P. and {Pelat}, D.},
    title = "{Variability of accretion discs around compact objects}",
  journal = {The Astrophysical Journal},
 keywords = {Accretion Disks, Active Galactic Nuclei, Variability, X Ray Binaries, Black Holes (Astronomy), Computational Astrophysics, Evolution (Development), Optical Thickness, Stellar Luminosity, Stellar Mass Accretion},
     year = 1991,
    month = sep,
   volume = 249,
    pages = {574-580},
   adsurl = {http://cdsads.u-strasbg.fr/abs/1991A%26A...249..574L},
  adsnote = {Provided by the SAO/NASA Astrophysics Data System}
}

@book{king,
place={Cambridge},
edition={3rd ed},
title={Accretion power in astrophysics},
publisher={Cambridge University Press},
author={Frank, J. and King, A. R. and Raine, Derek J.},
year={2002}
}
